@book{Velleman_2019,
    place={Cambridge},
    edition={3},
    title={How to Prove It: A Structured Approach},
    publisher={Cambridge University Press},
    author={Velleman, Daniel J.},
    year={2019}
}

@book{Gong_2017,
    author = {Gong, Sheng and Gong, Youhong},
    title = {Concise Calculus},
    publisher = {WORLD SCIENTIFIC},
    year = {2017},
    doi = {10.1142/7554},
    address = {},
    edition   = {},
    URL = {https://www.worldscientific.com/doi/abs/10.1142/7554},
    eprint = {https://www.worldscientific.com/doi/pdf/10.1142/7554},
    pages = {433--483},
}